@Book{grune2000,
 author = {Grune, Dick},
 title = {Modern Compiler Design},
 publisher = {Wiley},
 year = {2000},
 address = {New York},
 isbn = {9780471976974}
}